@misc{ wiki_hash,
	author = "Wikipedia",
	title = "Hash function --- Wikipedia{,} The Free Encyclopedia",
	year = "2010",
	howpublished = "\url{http://en.wikipedia.org/w/index.php?title=Hash\_function\&oldid=392346095}",
	note = "[Online; accessed 31-October-2010]"
}

@TECHREPORT{eecs,
	author = {Krste Asanovic and Ras Bodik
	and Bryan Christopher Catanzaro
	and Joseph James Gebis
	and Parry Husbands
	and Kurt Keutzer
	and David A. Patterson
	and William Lester Plishker
	and John Shalf
	and Samuel Webb Williams
	and Katherine A. Yelick
	},
	title = {The Landscape of Parallel Computing Research: A
	             View from Berkeley
	},
	institution = {University of California at Berkeley},
	year = {2006},
}


